@article{Cremer:2023gne,
    author = {Cremer, Lucas and Erdmann, Johannes and Harnik, Roni and Sp\"ah, Jan Lukas and Stamou, Emmanuel},
    title = "{Leveraging on-shell interference to search for FCNCs of the top quark and the Z boson}",
    eprint = "2305.12172",
    archivePrefix = "arXiv",
    primaryClass = "hep-ph",
    reportNumber = "DO-TH 23/04",
    month = "5",
    year = "2023"
}

@article{Brod:2022khx,
    author = "Brod, Joachim and Stamou, Emmanuel",
    title = "{Impact of indirect CP violation on Br(K$_{S}$\textrightarrow{} \ensuremath{\mu}$^{+}$\ensuremath{\mu}$^{−}$)$_{ℓ=0}$}",
    eprint = "2209.07445",
    archivePrefix = "arXiv",
    primaryClass = "hep-ph",
    reportNumber = "DO-TH 22/24",
    doi = "10.1007/JHEP05(2023)155",
    journal = "JHEP",
    volume = "05",
    pages = "155",
    year = "2023"
}
